@Book{ref:progit,
author = {S. Chacon},
title = {Pro Git},
publisher = {Apress},
year = {2009}
}

@Book{ref:scivis,
author = {A.C. Telea},
title = {Data Visualization: Principles and Practice, Second Edition},
publisher = {A K Peters/CRC Press},
year = {2014}
}

@Book{ref:timedata,
author = {W. Aigner and S. Miksch and H. Schumann and C. Tominski},
title = {Visualization of Time-Oriented Data},
publisher = {Springer-Verlag London},
year = {2011}
}

@Article {ref:dtsne,
author = {P.E. Rauber and A.X. Falc√£o and A.C. Telea},
title = {Visualizing Time-Dependent Data Using Dynamic t-SNE},
journal = {in Proceedings EuroVis Short Papers},
year = 2016
}

@Misc{ref:colorbrewer,
author = {C.A. Brewer},
title = {Color Brewer},
year = {2016},
howpublished = {\url{http://colorbrewer2.org/}},
note = {Accessed: 2016-06-25}
}

@Article {ref:squarified,
author = {M. Bruls and K. Huizing and  JJ. van Wijk},
title = {Squarified Treemaps},
journal = {Data Visualization 2000: Proc. Joint Eurographics and IEEE TCVG Symp. on Visualization},
year = 2000
}

@Misc{ref:exo,
title = {Google ExoPlayer - An extensible media player for Android
},
year = {2016},
howpublished = {\url{https://github.com/google/ExoPlayer}},
note = {Accessed: 2016-06-25}
}

@Article{ref:solid,
title = "The Solid toolset for software visual analytics of program structure and metrics comprehension: From research prototype to product",
keywords = "Software visualization, Static analysis, Visual tool design, VISUALIZATION, SYSTEM, CODE",
author = "Dennie Reniers and Lucian Voinea and Ozan Ersoy and Alexandru Telea",
note = "Relation: http://www.rug.nl/research/jbi/ Rights: University of Groningen, Johann Bernoulli Institute for Mathematics and Computer Science",
year = "2014",
month = "1",
doi = "10.1016/j.scico.2012.05.002",
volume = "79",
pages = "224--240",
journal = "Science of computer programming",
issn = "0167-6423",
publisher = "Elsevier",
}

@Article{ref:evolines,
 author = {Voinea, Lucian and Telea, Alex and van Wijk, Jarke J.},
 title = {CVSscan: Visualization of Code Evolution},
 booktitle = {Proceedings of the 2005 ACM Symposium on Software Visualization},
 series = {SoftVis '05},
 year = {2005},
 isbn = {1-59593-073-6},
 location = {St. Louis, Missouri},
 pages = {47--56},
 numpages = {10},
 url = {http://doi.acm.org/10.1145/1056018.1056025},
 doi = {10.1145/1056018.1056025},
 acmid = {1056025},
 publisher = {ACM},
 address = {New York, NY, USA},
 keywords = {software evolution, software visualization}
}

@inproceedings{ref:parallelcoords,
 author = {Inselberg, Alfred and Dimsdale, Bernard},
 title = {Parallel Coordinates: A Tool for Visualizing Multi-dimensional Geometry},
 booktitle = {Proceedings of the 1st Conference on Visualization '90},
 series = {VIS '90},
 year = {1990},
 isbn = {0-8186-2083-8},
 location = {San Francisco, California},
 pages = {361--378},
 numpages = {18},
 url = {http://dl.acm.org/citation.cfm?id=949531.949588},
 acmid = {949588},
 publisher = {IEEE Computer Society Press},
 address = {Los Alamitos, CA, USA},
 keywords = {Multi-Dimensional Geometry, Parallel Coordinates, Statistical Graphics, Visualization}
}

@article{ref:scatter,
author = {   J.A.   Hartigan },
title = {Printer graphics for clustering},
journal = {Journal of Statistical Computation and Simulation},
volume = {4},
number = {3},
pages = {187-213},
year = {1975},
doi = {10.1080/00949657508810123},
URL = {http://dx.doi.org/10.1080/00949657508810123},
eprint = {http://dx.doi.org/10.1080/00949657508810123}
}


@Article{ref:evomat,
 author = {Lanza, Michele},
 title = {The Evolution Matrix: Recovering Software Evolution Using Software Visualization Techniques},
 booktitle = {Proceedings of the 4th International Workshop on Principles of Software Evolution},
 series = {IWPSE '01},
 year = {2001},
 isbn = {1-58113-508-4},
 location = {Vienna, Austria},
 pages = {37--42},
 numpages = {6},
 url = {http://doi.acm.org/10.1145/602461.602467},
 doi = {10.1145/602461.602467},
 acmid = {602467},
 publisher = {ACM},
 address = {New York, NY, USA},
 keywords = {reverse engineering, software metrics, software visualization}
}


@Article {ref:silva1,
author = {R. R. O. da Silva and P. Rauber and R. Martins and R. Minghim and A. Telea},
title = {Attribute-based visual explanation of multidimensional projections},
journal = {in Proceedings of the 2015 EuroVis Workshop on Visual Analytics}
}

@Article {ref:silva2,
author = {R. R. O. da Silva and A.C. Telea and E.F. Vernier and P. Rauber and J. Comba and R. Minghim},
title = {Metric Evolution Maps: Multidimensional Attribute-driven Exploration of Software Repositories},
journal = {in Proceedings of the Vision, Modeling and Visualization 2016}
}

@Article {ref:imagefeatures,
author = {L. Wang and Y. Zhang and J. Feng},
title = {On the Euclidean Distance of Images},
journal = {IEEE Transactions on Pattern Analysis and Machine Intelligence 2005}
}

@manual{Senn:2009,

url    = "http://engineering.purdue.edu/~mark/puthesis",
year   = "2009 "
}

@misc{ref:gitwiki,
title  = "GitSvnComparison",
author = "Shawn Pearce",
note   = "\url{https://git.wiki.kernel.org/index.php/GitSvnComparison}",
urldate={2016-7-3},
year={2016 (accessed 2016-7-3)}
}

@Article{ref:orderedtreemap,
 author = {Shneiderman, Ben and Wattenberg, Martin},
 title = {Ordered Treemap Layouts},
 booktitle = {Proceedings of the IEEE Symposium on Information Visualization 2001 (INFOVIS'01)},
 series = {INFOVIS '01},
 year = {2001},
 isbn = {0-7695-1342-5},
 pages = {73--},
 url = {http://dl.acm.org/citation.cfm?id=580582.857710},
 acmid = {857710},
 publisher = {IEEE Computer Society},
 address = {Washington, DC, USA},
 keywords = {treemaps, ordered treemaps, trees, hierarchies, information visualization}
}

@Article{ref:quantumtreemap,
 author = {Bederson, Benjamin B. and Shneiderman, Ben and Wattenberg, Martin},
 title = {Ordered and Quantum Treemaps: Making Effective Use of 2D Space to Display Hierarchies},
 journal = {ACM Trans. Graph.},
 issue_date = {October 2002},
 volume = {21},
 number = {4},
 month = oct,
 year = {2002},
 issn = {0730-0301},
 pages = {833--854},
 numpages = {22},
 url = {http://doi.acm.org/10.1145/571647.571649},
 doi = {10.1145/571647.571649},
 acmid = {571649},
 publisher = {ACM},
 address = {New York, NY, USA},
 keywords = {Hierarchies, human-computer interaction, image browsers, information visualization, jazz, ordered treemaps, treemaps, trees, zoomable user interfaces (ZUIs).}
}

@article{ref:tree1,
author = {D. Auber and C. Huet and A. Lambert and B. Renoust and A. Sallaberry and A. Saulnier},
title = {GosperMap: Using a Gosper Curve for Laying Out Hierarchical Data},
journal ={IEEE Transactions on Visualization and Computer Graphics},
volume = {19},
number = {11},
issn = {1077-2626},
year = {2013},
pages = {1820-1832},
doi = {http://doi.ieeecomputersociety.org/10.1109/TVCG.2013.91},
publisher = {IEEE Computer Society},
address = {Los Alamitos, CA, USA}
}

@article{ref:tree2,
 author = {Balzer, Michael and Deussen, Oliver},
 title = {Voronoi Treemaps},
 booktitle = {Proceedings of the Proceedings of the 2005 IEEE Symposium on Information Visualization},
 series = {INFOVIS '05},
 year = {2005},
 isbn = {0-7803-9464-x},
 pages = {7--},
 url = {http://dx.doi.org/10.1109/INFOVIS.2005.40},
 doi = {10.1109/INFOVIS.2005.40},
 acmid = {1106574},
 publisher = {IEEE Computer Society},
 address = {Washington, DC, USA},
 keywords = {Voronoi Treemaps, Information Visualization, Hierarchies,Trees, Treemaps, Voronoi Tessellations}
}

@article{ref:tree3,
 author = {Onak, Krzysztof and Sidiropoulos, Anastasios},
 title = {Circular Partitions with Applications to Visualization and Embeddings},
 booktitle = {Proceedings of the Twenty-fourth Annual Symposium on Computational Geometry},
 series = {SCG '08},
 year = {2008},
 isbn = {978-1-60558-071-5},
 location = {College Park, MD, USA},
 pages = {28--37},
 numpages = {10},
 url = {http://doi.acm.org/10.1145/1377676.1377683},
 doi = {10.1145/1377676.1377683},
 acmid = {1377683},
 publisher = {ACM},
 address = {New York, NY, USA},
 keywords = {approximation algorithms, embeddings, treemap, ultrametrics, visualization}
}

@misc{ref:und,
title  = "Metric Implementation Notes",
author = "SciTool",
note   = "\url{https://scitools.com/documents/metricImplementationNotes.pdf}",
urldate={2016-7-3},
year={2016 (accessed 2016-7-3)}
}

@misc{ref:eclipse,
title  = "Eclipse Neon Release Train Now Available",
author = "The Eclipse Foundation",
note   = "\url{http://www.eclipse.org/org/press-release/20160622_neon.php}",
urldate={2016-11-9},
year={2016 (accessed 2016-11-9)}
}

@misc{ref:gimp,
title  = "About Gimp",
author = "The Gimp Team",
note   = "\url{https://www.gimp.org/about/}",
urldate={2016-11-9},
year={2016 (accessed 2016-11-9)}
}

@book{reg:diehl07,
place={Berlin},
title={Software visualization: visualizing the structure, behaviour, and evolution of software},
publisher={Springer},
author={Diehl, Stephan},
year={2007}}

@book{ref:spence07,
 author = {Spence, Robert},
 title = {Information Visualization: Design for Interaction (2Nd Edition)},
 year = {2007},
 isbn = {0132065509},
 publisher = {Prentice-Hall, Inc.},
 address = {Upper Saddle River, NJ, USA},
}

@misc{ref:stackoverflow,
title  = "Stack Overflow 2015 Developer's Survey",
author = "Stack Overflow",
note   = "\url{http://stackoverflow.com/research/developer-survey-2015}",
urldate={2016-11-9},
year={2016 (accessed 2016-11-9)}
}
